<record><leader>00000cas a22000007a 4500</leader><controlfield tag="001">15151024</controlfield><controlfield tag="008">870204d19121965inudn ne      0    0eng d</controlfield><datafield ind1=" " ind2=" " tag="010"><subfield code="a">sn 87055004 </subfield></datafield><datafield ind1=" " ind2=" " tag="040"><subfield code="a">NPI</subfield><subfield code="b">eng</subfield><subfield code="c">NPI</subfield><subfield code="d">OCLCQ</subfield></datafield><datafield ind1=" " ind2=" " tag="042"><subfield code="a">msc</subfield></datafield><datafield ind1="0" ind2="4" tag="082"><subfield code="a">070</subfield></datafield><datafield ind1="0" ind2="0" tag="245"><subfield code="a">Marion leader-tribune.</subfield></datafield><datafield ind1="3" ind2="0" tag="246"><subfield code="a">Marion Sunday chronicle-tribune</subfield></datafield><datafield ind1=" " ind2=" " tag="260"><subfield code="a">Marion, Ind. :</subfield><subfield code="b">Marion leader Co.,</subfield><subfield code="c">-1965.</subfield></datafield><datafield ind1=" " ind2=" " tag="310"><subfield code="a">Daily (except Mon.)</subfield></datafield><datafield ind1="1" ind2=" " tag="362"><subfield code="a">Began with Apr. 14, 1912 issue?</subfield></datafield><datafield ind1="0" ind2=" " tag="362"><subfield code="a">-v. 76, no. 122 (Aug. 4, 1965).</subfield></datafield><datafield ind1=" " ind2=" " tag="500"><subfield code="a">On Sundays published in conjunction with the Marion chronicle as: Marion Sunday chronicle-tribune, &lt;1930-1965&gt;.</subfield></datafield><datafield ind1=" " ind2=" " tag="515"><subfield code="a">Numbering irregular.</subfield></datafield><datafield ind1=" " ind2=" " tag="588"><subfield code="a">Description based on: Vol. 23, no. 227 (Oct. 1, 1912).</subfield></datafield><datafield ind1=" " ind2=" " tag="752"><subfield code="a">United States</subfield><subfield code="b">Indiana</subfield><subfield code="c">Grant</subfield><subfield code="d">Marion.</subfield></datafield><datafield ind1="0" ind2="4" tag="780"><subfield code="t">Marion news-tribune</subfield><subfield code="w">(DLC)sn 87056815</subfield></datafield><datafield ind1="0" ind2="4" tag="780"><subfield code="t">Marion leader (Marion, Ind. : Daily)</subfield><subfield code="w">(DLC)sn 87055075</subfield></datafield><datafield ind1="0" ind2="0" tag="785"><subfield code="t">Leader-tribune (Marion, Ind.)</subfield><subfield code="w">(DLC)sn 87055006</subfield></datafield></record>